%% This BibTeX bibliography file was created using BibDesk.
%% http://bibdesk.sourceforge.net/


%% Created for Georgi Markov at 2016-12-03 15:10:36 -0500 


%% Saved with string encoding Unicode (UTF-8) 



@book{1999:RID:311424,
	Author = {Fowler, Martin},
	Date-Added = {2016-12-03 20:10:22 +0000},
	Date-Modified = {2016-12-03 20:10:36 +0000},
	Publisher = {Pearson Education India},
	Title = {Refactoring: improving the design of existing code},
	Year = {2009}}

@article{rogers1983nature,
	Author = {Rogers, Gordon Frederick Crichton},
	Date-Added = {2016-12-03 20:08:28 +0000},
	Date-Modified = {2016-12-03 20:08:28 +0000},
	Title = {The Nature of Engineering a Philosophy of Technology},
	Year = {1983}}

@book{weick1995sensemaking,
	Author = {Weick, Karl E},
	Date-Added = {2016-12-03 20:08:00 +0000},
	Date-Modified = {2016-12-03 20:08:00 +0000},
	Publisher = {Sage},
	Title = {Sensemaking in organizations},
	Volume = {3},
	Year = {1995}}

@inproceedings{hall2003reference,
	Author = {Hall, Jon G and Rapanotti, Lucia},
	Booktitle = {Requirements Engineering Conference, 2003. Proceedings. 11th IEEE International},
	Date-Added = {2016-12-03 19:53:58 +0000},
	Date-Modified = {2016-12-03 19:53:58 +0000},
	Organization = {IEEE},
	Pages = {181--187},
	Title = {A reference model for requirements engineering},
	Year = {2003}}

@book{Jackson2001,
	Author = {Jackson, Michael},
	Date-Added = {2016-12-03 19:53:24 +0000},
	Date-Modified = {2016-12-03 19:53:32 +0000},
	Publisher = {Addison-Wesley},
	Title = {Problem frames: analysing and structuring software development problems},
	Year = {2001}}

@inproceedings{896248,
	Author = {Gunter, Carl A and Gunter, Elsa L and Jackson, Michael and Zave, Pamela},
	Booktitle = {Requirements Engineering, 2000. Proceedings. 4th International Conference on},
	Date-Added = {2016-12-03 19:51:25 +0000},
	Date-Modified = {2016-12-03 19:51:44 +0000},
	Organization = {IEEE},
	Pages = {189},
	Title = {A reference model for requirements and specifications},
	Year = {2000}}

@inproceedings{hall2017phenomenal,
  title={A phenomenal basis for hybrid modelling},
  author={Hall, Jon G and Rapanotti, Lucia and Markov, Georgi},
  Booktitle = {In Proceedings of the 5th IEEE International Workshop on Formal Methods Integration at the 18th IEEE International Conference on Information Reuse and Integration},
  Organization = {IEEE},
  Year = {2017}
}

@techreport{hall2016a-design,
	Author = {Jon G. Hall and Lucia Rapanotti},
	Date-Added = {2016-12-03 19:48:55 +0000},
	Date-Modified = {2016-12-03 19:50:39 +0000},
	Institution = {Technical Report TR2016/01, Department of Computing and Communications, The Open University, Walton Hall, Milton Keynes, MK7 6AA},
	Title = {A design theory for software engineering},
	Year = {2016}}

@article{Hall2009JAdvSysMeas,
	Author = {Hall, Jon G and Rapanotti, Lucia},
	Date-Added = {2016-12-03 19:43:51 +0000},
	Date-Modified = {2016-12-03 19:44:00 +0000},
	Journal = {International Journal on Advances in Systems and Measurements},
	Number = {1},
	Pages = {26--31},
	Publisher = {IARIA},
	Title = {Assurance-driven design in problem oriented engineering},
	Volume = {2},
	Year = {2009}}

@article{leavy2010design,
	Author = {Leavy, Brian},
	Date-Added = {2016-12-03 19:43:11 +0000},
	Date-Modified = {2016-12-03 19:43:11 +0000},
	Journal = {Strategy \& leadership},
	Number = {3},
	Pages = {5--14},
	Publisher = {Emerald Group Publishing Limited},
	Title = {Design thinking-a new mental model of value innovation},
	Volume = {38},
	Year = {2010}}

@book{martin2009design,
	Author = {Martin, Roger L},
	Date-Added = {2016-12-03 19:29:25 +0000},
	Date-Modified = {2016-12-03 19:29:25 +0000},
	Publisher = {Harvard Business Press},
	Title = {The design of business: why design thinking is the next competitive advantage},
	Year = {2009}}

@article{smith1993conceptual,
	Author = {Smith, Gerald F and Browne, Glenn J},
	Date-Added = {2016-12-03 19:28:54 +0000},
	Date-Modified = {2016-12-03 19:28:54 +0000},
	Journal = {IEEE Transactions on Systems, Man, and Cybernetics},
	Number = {5},
	Pages = {1209--1219},
	Publisher = {IEEE},
	Title = {Conceptual foundations of design problem solving},
	Volume = {23},
	Year = {1993}}

@article{funke1991solving,
	Author = {Funke, Joachim},
	Date-Added = {2016-12-03 19:28:31 +0000},
	Date-Modified = {2016-12-03 19:28:31 +0000},
	Journal = {Complex problem solving: Principles and mechanisms},
	Pages = {185--222},
	Title = {Solving complex problems: Exploration and control of complex systems},
	Year = {1991}}

@article{simon1977structure,
	Author = {Simon, Herbert A},
	Date-Added = {2016-12-03 19:27:47 +0000},
	Date-Modified = {2016-12-03 19:27:58 +0000},
	Journal = {Artificial intelligence},
	Number = {3-4},
	Pages = {181--201},
	Publisher = {Elsevier},
	Title = {The structure of ill structured problems},
	Volume = {4},
	Year = {1973}}

@article{jonassen2000toward,
	Author = {Jonassen, David H},
	Date-Added = {2016-12-03 19:27:00 +0000},
	Date-Modified = {2016-12-03 19:27:00 +0000},
	Journal = {Educational technology research and development},
	Number = {4},
	Pages = {63--85},
	Publisher = {Springer},
	Title = {Toward a design theory of problem solving},
	Volume = {48},
	Year = {2000}}

@article{deserti2014design,
	Author = {Deserti, Alessandro and Rizzo, Francesca},
	Date-Added = {2016-12-03 19:26:22 +0000},
	Date-Modified = {2016-12-03 19:26:22 +0000},
	Journal = {Design Management Journal},
	Number = {1},
	Pages = {85--97},
	Publisher = {Wiley Online Library},
	Title = {Design and Organizational Change in the Public Sector},
	Volume = {9},
	Year = {2014}}

@inproceedings{3460223,
	Author = {Eneberg, Magnus and Svengren Holm, Lisbeth},
	Booktitle = {10th European Academy of Design Conference-Crafting the Future},
	Date-Added = {2016-12-03 19:25:30 +0000},
	Date-Modified = {2016-12-03 19:25:37 +0000},
	Organization = {EAD-European Academy of Design},
	Title = {Design Thinking and Organizational Development: twin concepts enabling a reintroduction of democratic values in organizational change},
	Year = {2013}}

@book{rowe1991design,
	Author = {Rowe, Peter G},
	Date-Added = {2016-12-03 19:24:55 +0000},
	Date-Modified = {2016-12-03 19:24:55 +0000},
	Publisher = {MIT press},
	Title = {Design thinking},
	Year = {1991}}

@article{Cao:2004dh,
	Author = {Cao, Guangming and Clarke, Steve and Lehaney, Brian},
	Date-Added = {2016-12-03 19:24:04 +0000},
	Date-Modified = {2016-12-03 19:24:12 +0000},
	Journal = {Systemic Practice and Action Research},
	Number = {2},
	Pages = {103--126},
	Publisher = {Springer},
	Title = {The need for a systemic approach to change management---a case study},
	Volume = {17},
	Year = {2004}}

@article{pettigrew2001studying,
	Author = {Pettigrew, Andrew M and Woodman, Richard W and Cameron, Kim S},
	Date-Added = {2016-12-03 19:23:16 +0000},
	Date-Modified = {2016-12-03 19:23:16 +0000},
	Journal = {Academy of management journal},
	Number = {4},
	Pages = {697--713},
	Publisher = {Academy of Management},
	Title = {Studying organizational change and development: Challenges for future research},
	Volume = {44},
	Year = {2001}}

@article{vandeVen:1995uw,
	Author = {Van de Ven, Andrew H and Poole, Marshall Scott and others},
	Date-Added = {2016-12-03 19:22:39 +0000},
	Date-Modified = {2016-12-03 19:22:50 +0000},
	Journal = {Academy of management review},
	Number = {3},
	Pages = {510--540},
	Publisher = {Academy of Management},
	Title = {Explaining development and change in organizations},
	Volume = {20},
	Year = {1995}}

@article{Moran:2000ex,
	Author = {Moran, John W and Brightman, Baird K},
	Date-Added = {2016-12-03 19:22:06 +0000},
	Date-Modified = {2016-12-03 19:22:14 +0000},
	Journal = {Journal of Workplace Learning},
	Number = {2},
	Pages = {66--74},
	Publisher = {MCB UP Ltd},
	Title = {Leading organizational change},
	Volume = {12},
	Year = {2000}}

@book{Hevner:2010ua,
	Author = {Hevner, Alan and Chatterjee, Samir},
	Date-Added = {2016-12-03 19:21:31 +0000},
	Date-Modified = {2016-12-03 19:21:39 +0000},
	Publisher = {Springer Science \&amp; Business Media},
	Title = {Design research in information systems: theory and practice},
	Volume = {22},
	Year = {2010}}

@article{Hall2012ISSE,
	Author = {Hall, Jon G and Rapanotti, Lucia},
	Date-Added = {2016-12-03 19:20:56 +0000},
	Date-Modified = {2016-12-03 19:21:04 +0000},
	Journal = {Innovations in Systems and Software Engineering},
	Number = {3},
	Pages = {175--193},
	Publisher = {Springer},
	Title = {Software engineering as the design theoretic transformation of software problems},
	Volume = {8},
	Year = {2012}}

@article{By:2005fm,
	Author = {Todnem By, Rune},
	Date-Added = {2016-12-03 19:20:21 +0000},
	Date-Modified = {2016-12-03 19:20:30 +0000},
	Journal = {Journal of change management},
	Number = {4},
	Pages = {369--380},
	Publisher = {Taylor \&amp; Francis},
	Title = {Organisational change management: A critical review},
	Volume = {5},
	Year = {2005}}

@article{Kleiner:2000vm,
	Author = {Kleiner, Art},
	Date-Added = {2016-12-03 19:19:39 +0000},
	Date-Modified = {2016-12-03 19:19:49 +0000},
	Journal = {Strategy+ Business},
	Number = {3},
	Pages = {27--31},
	Title = {Revisiting reengineering},
	Volume = {20},
	Year = {2000}}

@book{verkerk2004trust,
	Author = {Verkerk, Maarten Johannes},
	Date-Added = {2016-12-03 19:18:43 +0000},
	Date-Modified = {2016-12-03 19:18:43 +0000},
	Publisher = {Eburon Uitgeverij BV},
	Title = {Trust and Power on the Shop Floor: An Ethnographical, Ethical and Philosophical Study on Responsible Behaviour in Industrial Organisations},
	Year = {2004}}

@inproceedings{Gerrits:1994:BMB:646303.686971,
	Author = {Gerrits, Han},
	Booktitle = {Business Process Re-Engineering},
	Date-Added = {2016-12-03 19:17:49 +0000},
	Date-Modified = {2016-12-03 19:17:59 +0000},
	Pages = {279--288},
	Title = {Business modeling based on logistics to support business process re-engineering.},
	Year = {1994}}

@article{Reijers2005283,
	Author = {Reijers, Hajo A and Mansar, S Liman},
	Date-Added = {2016-12-03 19:17:01 +0000},
	Date-Modified = {2016-12-03 19:17:07 +0000},
	Journal = {Omega},
	Number = {4},
	Pages = {283--306},
	Publisher = {Elsevier},
	Title = {Best practices in business process redesign: an overview and qualitative evaluation of successful redesign heuristics},
	Volume = {33},
	Year = {2005}}

@article{doi:10.1108/14637159910249117,
	Author = {Valiris, George and Glykas, Michalis},
	Date-Added = {2016-12-03 19:16:05 +0000},
	Date-Modified = {2016-12-03 19:16:17 +0000},
	Journal = {Business process management journal},
	Number = {1},
	Pages = {65--86},
	Publisher = {MCB UP Ltd},
	Title = {Critical review of existing BPR methodologies: the need for a holistic approach},
	Volume = {5},
	Year = {1999}}

@article{burnes2011success,
	Author = {Burnes, Bernard and Jackson, Philip},
	Date-Added = {2016-12-03 19:15:15 +0000},
	Date-Modified = {2016-12-03 19:15:15 +0000},
	Journal = {Journal of Change Management},
	Number = {2},
	Pages = {133--162},
	Publisher = {Taylor \&amp; Francis},
	Title = {Success and failure in organizational change: An exploration of the role of values},
	Volume = {11},
	Year = {2011}}
	
@article{grover1993information,
  title={Information technology enabled business process redesign: an integrated planning framework},
  author={Grover, VJTCT and Teng, JTC and Fiedler, KD},
  journal={Omega},
  volume={21},
  number={4},
  pages={433--447},
  year={1993},
  publisher={Elsevier}
}

@article{limam2007best,
  title={Best practices in business process redesign: use and impact},
  author={Limam Mansar, S and Reijers, Hajo A},
  journal={Business Process Management Journal},
  volume={13},
  number={2},
  pages={193--213},
  year={2007},
  publisher={Emerald Group Publishing Limited}
}

@article{reijers2005best,
  title={Best practices in business process redesign: an overview and qualitative evaluation of successful redesign heuristics},
  author={Reijers, Hajo A and Mansar, S Liman},
  journal={Omega},
  volume={33},
  number={4},
  pages={283--306},
  year={2005},
  publisher={Elsevier}
}

@article{berio2001enterprise,
  title={Enterprise modelling with CIMOSA: functional and organizational aspects},
  author={Berio, Giuseppe and Vernadat, Francois},
  journal={Production planning \& control},
  volume={12},
  number={2},
  pages={128--136},
  year={2001},
  publisher={Taylor \& Francis}
}

@article{van1996business,
  title={Business process redesign: A Petri-net-based approach},
  author={Van der Aalst, WMP and Van Hee, KM},
  journal={Computers in industry},
  volume={29},
  number={1},
  pages={15--26},
  year={1996},
  publisher={Elsevier}
}

